@Preamble{ "\newcommand{\noopsort}[1]{}\newcommand{\singleletter}[1]{#1}"
}

,-------------------.
|  BIBTEX ENTRIES   |
`-------------------'

@article{Quaresma2008a,
  author =        {Quaresma, Pedro and Lopes, Elsa},
  journal =       {Gazeta de Matem{\'a}tica},
  month =         {Mar{\c c}o},
  pages =         {7 -- 11},
  title =         {Criptografia},
  volume =        {154},
  year =          {2008},
  url =           {https://gazeta.spm.pt/getArtigo?gid=193},
}

@article{Quaresma2009a,
  author =        {Quaresma, Pedro and Pinho, Augusto},
  journal =       {Gazeta de Matem{\'a}tica},
  pages =         {22--31},
  title =         {Criptoan{\'a}lise},
  volume =        {157},
  year =          {2009},
  timestamp =     {2007.02.22},
}

@Book{Coutinho2005,
  author    = {Severino Collier Coutinho},
  editor    = {IMPA},
  publisher = {IMPA},
  title     = {NÃºmeros Inteiros e Criptografia RSA},
  year      = {2005},
}

@Comment{jabref-meta: databaseType:bibtex;}
