@Article{Janicic2010,
  author    = {Janičić, Predrag and Narboux, Julien and Quaresma, Pedro},
  journal   = {Journal of Automated Reasoning},
  title     = {The Area Method: A Recapitulation},
  year      = {2010},
  issn      = {1573-0670},
  month     = nov,
  number    = {4},
  pages     = {489--532},
  volume    = {48},
  doi       = {10.1007/s10817-010-9209-7},
  publisher = {Springer Science and Business Media LLC},
}

@Comment{jabref-meta: databaseType:bibtex;}
