,-------------------.
|     PREAMBLE      |
`-------------------'

@preamble{ "\newcommand{\noopsort}[1]{}\newcommand{\singleletter}[1]{#1}"
}


@TechReport{Songo2024,
  author      = {José Songo},
  title       = {Criptografia {RSA}},
  institution = {Departamento de Matemática, Universidade de Coimbra},
  year        = {2024},
}

@Article{Quaresma2008a,
  author  = {Quaresma, Pedro and Lopes, Elsa},
  title   = {Criptografia},
  journal = {Gazeta de Matem{\'a}tica},
  year    = {2008},
  volume  = {154},
  pages   = {7 -- 11},
  month   = {Mar{\c c}o}
}

@Article{Quaresma2009a,
  author    = {Quaresma, Pedro and Pinho, Augusto},
  title     = {Criptoan{\'a}lise},
  journal   = {Gazeta de Matem{\'a}tica},
  year      = {2009},
  volume    = {157},
  pages     = {22--31}
}

@Book{Coutinho2005,
  title     = {Números Inteiros e Criptografia RSA},
  publisher = {IMPA},
  year      = {2005},
  author    = {Severino Coutinho}
}